
@book{gudava1962,
  title={Botlixuri ena [{T}he {B}otlikh language]},
  author={Gudava, Togo, E.},
  year={1962},
  publisher={Tbilisi: Mecniereba}
  }
  
@book{wixman1980,
  title={Language aspects of ethnic patterns and processes in the North Caucasus},
  author={Wixman, Ronald},
  year={1980},
  publisher={University of Chicago, Department of Geography}
}

@book{saidovaabusov2012,
  title={Botlixsko-russkij slovar' [{B}otlikh-{R}ussian dictionary]},
  author={Saidova, Patimat A. and Abusov, Magomed G.},
  year={2012},
  publisher={Makhachkala: IJaLI}}
  
@book{alekseev2019,
  title={Botlixsko-russkij slovar' [{B}otlikh-{R}ussian dictionary]},
  author={Alekseev, M.E. and Azaev, X.G.},
  year={2019},
  publisher={Moscow: Academia}}
  
@incollection{azaev2000,
  title={‘Botlixskij jazyk [{B}otlikh]’},
  author={Azaev, Xalil G.},
  booktitle={Jazyki {D}agestana [{L}anguages of {D}aghestan]},
  editor={Gamzatov, Gadzhi G.},
  year={2000},
  publisher={Moscow/Makhachkala: Vostok (Oriens)},
  pages={346--359}}